% Encoding: UTF-8
@Misc{OracleBlog,
  author        = {Jeronimo Pina},
  title         = {Bancos de Dados Autônomos: a próxima geração de bancos de dados inteligentes},
  year          = {2018},
  url           = {https://blogs.oracle.com/itbr/bancos-de-dados-autonomos-a-proxima-geracao-de-bancos-de-dados-inteligentes},
  urlaccessdate = {14 jan. 2019},
}
@Misc{TecnoBlog,
  author        = {Paulo Higa},
  title         = {Bancos de Dados autônomo: o que é e como funciona},
  year          = {2018},
  url           = {https://tecnoblog.net/245297/banco-de-dados-autonomo-o-que-e-como-funciona/ },
  urlaccessdate = {12 jan. 2019},
}

@Misc{OracleDataBase,
  author        = {Juan Loaiza},
  title         = {O Que é um Banco de Dados Autônomo?},
    year          = {2019},
  url           = {https://www.oracle.com/br/database/what-is-autonomous-database.html },
  urlaccessdate = {12 jan. 2019},
}
@Misc{Sky,
  author        = {Redação},
  title         = {Com banco de dados autônomo, SKY inova, ganha agilidade e reduz custos},
  year          = {2019},  
  url           = {http://www.decisionreport.com.br/servicos/com-banco-de-dados-autonomo-sky-inova-ganha-agilidade-e-reduz-custos/#.XhtvcuhKg2w},
  urlaccessdate = {12 jan. 2019},
}

@Misc{WPGestao,
  author        = {Oracle Self-Driving},
  title         = {Oracle Autonomous Database White Paper Series: The Industry’s First Self-Driving Database},
  year			= {2018},
  url           = {http://www.oracle.com/us/products/database/autonomous-database-self-driving-5116034.pdf},
  urlaccessdate = {23 jan. 2020},
}

@Misc{WPProtecao,
  author        = {Oracle Self-Securing},
  title         = {Oracle Autonomous Database White Paper Series: The Industry’s First Self-Securing Database},
  year			= {2018},
  url           = {http://www.oracle.com/us/products/database/autonomous-database-self-securing-5116048.pdf},
  urlaccessdate = {23 jan. 2020},
}

@Misc{WPReparo,
  author        = {Oracle Self-Repairing},
  title         = {Oracle Autonomous Database White Paper Series: The Industry’s First Self-Repairing Database},
  year			= {2018},
  url           = {http://www.oracle.com/us/products/database/autonomous-database-self-repairing-5116047.pdf},
  urlaccessdate = {23 jan. 2020},
}

@Article{Castronova2001,
  author    = {Castronova, Edward},
  title     = {{Virtual worlds: A first-hand account of market and society on the cyberian frontier}},
  year      = {2001},
}
 
@Misc{OracleAut,
  author        = {ORACLE AUTONOMOUS DATABASE},
  title         = {Oracle Autonomous Database White Paper Series: The Industry’s First Self-Repairing Database},
  year			= {2018},
  url           = {http://www.oracle.com/us/products/database/autonomous-database-self-repairing-5116047.pdf},
  urlaccessdate = {10 jan. 2020},
}

@Misc{OracleBreakingFree,
  author = {David Baum},
  title = {Breaking Free - Oracle Autonomous Database Cloud puts database administration on autopilot.},
  year = {2018},
  url = {https://blogs.oracle.com/oraclemagazine/breaking-free},
  urlaccessdate = {25 dez. 2019},
}

@Misc{OracleDBAutonomo,
  author = {Oracle},
  title = {O Que é um Banco de Dados Autônomo?},
  year = {2020},
  url = {https://www.oracle.com/br/database/what-is-autonomous-database.html},
  urlaccessdate = {02 jan. 2020},
}


@Misc{OracleExadata,
  author        = {Alex Zaballa e Yenugula V. Ravikumar},
  title         = {Oracle Exadata Database Machine: Exadata Hybrid Columnar Compression},
  year			= {2015},
  url           = {https://www.oracle.com/technetwork/pt/articles/oem/oracle-hybrid-columnar-compression-2436203-ptb.html},
  urlaccessdate = {02 jan. 2020},
}

@Misc{Trapalhada,
  author = {BBC Brasil},
  title = {Cinco trapalhadas empresariais que renderam prejuízos de milhões de dólares},
  year = {2016},
  url = {https://www.bbc.com/portuguese/geral-37698750},
  urlaccessdate = {02 jan. 2020},
}

@Misc{OracleDefesa,
  author        = {Oracle},
  title         = {Defesa Abrangente Aprofundada},
  year			= {2020},
  url           = {https://www.oracle.com/br/database/technologies/security.html},
  urlaccessdate = {02 jan. 2020},
}